%YAML 1.1
%TAG !u! tag:unity3d.com,2011:
--- !u!1 &1587250918974726
GameObject:
  m_ObjectHideFlags: 0
  m_CorrespondingSourceObject: {fileID: 0}
  m_PrefabInstance: {fileID: 0}
  m_PrefabAsset: {fileID: 0}
  serializedVersion: 6
  m_Component:
  - component: {fileID: 4615003313031166}
  - component: {fileID: 7115142473437753138}
  - component: {fileID: -4641236773521044227}
  - component: {fileID: 3621010207977185156}
  - component: {fileID: 50412632082619752}
  m_Layer: 0
  m_Name: BouncingBullet
  m_TagString: Untagged
  m_Icon: {fileID: 0}
  m_NavMeshLayer: 0
  m_StaticEditorFlags: 0
  m_IsActive: 1
--- !u!4 &4615003313031166
Transform:
  m_ObjectHideFlags: 0
  m_CorrespondingSourceObject: {fileID: 0}
  m_PrefabInstance: {fileID: 0}
  m_PrefabAsset: {fileID: 0}
  m_GameObject: {fileID: 1587250918974726}
  m_LocalRotation: {x: 0, y: 0, z: 0, w: 1}
  m_LocalPosition: {x: 0.8560253, y: 2.1576355, z: -4.2099657}
  m_LocalScale: {x: 1, y: 1, z: 1}
  m_Children:
  - {fileID: 5321427944316314436}
  - {fileID: 6963525246858779195}
  m_Father: {fileID: 0}
  m_RootOrder: 0
  m_LocalEulerAnglesHint: {x: 0, y: 0, z: 0}
--- !u!114 &7115142473437753138
MonoBehaviour:
  m_ObjectHideFlags: 0
  m_CorrespondingSourceObject: {fileID: 0}
  m_PrefabInstance: {fileID: 0}
  m_PrefabAsset: {fileID: 0}
  m_GameObject: {fileID: 1587250918974726}
  m_Enabled: 1
  m_EditorHideFlags: 0
  m_Script: {fileID: 11500000, guid: 981c09c6771b04c31aec88979ce51cbf, type: 3}
  m_Name: 
  m_EditorClassIdentifier: 
  runningOnlyOnServer: 0
  radiusSphereCast: 0.55
  ObstacleLayer:
    serializedVersion: 2
    m_Bits: 1792
  DestroyBulletOnHit: 0
  DamageToInflict: 1
  bulletSpeed: 35
  bulletDirection: {x: 0, y: 0, z: 0}
  ownerId: 0
  collidersHitted:
  - {fileID: 0}
  - {fileID: 0}
  - {fileID: 0}
  - {fileID: 0}
  - {fileID: 0}
  - {fileID: 0}
  - {fileID: 0}
  - {fileID: 0}
  - {fileID: 0}
  - {fileID: 0}
  impactParticle: {fileID: 5319595619936462246}
  projectileParticle: {fileID: 6964993968864821165}
  _maxBounce: 4
  _currentBounce: 0
--- !u!114 &-4641236773521044227
MonoBehaviour:
  m_ObjectHideFlags: 0
  m_CorrespondingSourceObject: {fileID: 0}
  m_PrefabInstance: {fileID: 0}
  m_PrefabAsset: {fileID: 0}
  m_GameObject: {fileID: 1587250918974726}
  m_Enabled: 1
  m_EditorHideFlags: 0
  m_Script: {fileID: 11500000, guid: aa584fbee541324448dd18d8409c7a41, type: 3}
  m_Name: 
  m_EditorClassIdentifier: 
  ObservedComponentsFoldoutOpen: 1
  Group: 0
  prefixField: -1
  observableSearch: 2
  Synchronization: 2
  OwnershipTransfer: 1
  ObservedComponents:
  - {fileID: 3621010207977185156}
  viewIdField: 0
  InstantiationId: 0
  isRuntimeInstantiated: 0
--- !u!114 &3621010207977185156
MonoBehaviour:
  m_ObjectHideFlags: 0
  m_CorrespondingSourceObject: {fileID: 0}
  m_PrefabInstance: {fileID: 0}
  m_PrefabAsset: {fileID: 0}
  m_GameObject: {fileID: 1587250918974726}
  m_Enabled: 1
  m_EditorHideFlags: 0
  m_Script: {fileID: 11500000, guid: 8069ffa6ab7df7340ad5ce0c3da47526, type: 3}
  m_Name: 
  m_EditorClassIdentifier: 
  interpolationBackTime: 0.03
  extrapolationMode: 1
  useExtrapolationTimeLimit: 1
  extrapolationTimeLimit: 5
  useExtrapolationDistanceLimit: 0
  extrapolationDistanceLimit: 20
  sendPositionThreshold: 0
  sendRotationThreshold: 0
  sendScaleThreshold: 0
  sendVelocityThreshold: 0
  sendAngularVelocityThreshold: 0
  receivedPositionThreshold: 0
  receivedRotationThreshold: 0
  snapPositionThreshold: 0
  snapRotationThreshold: 0
  snapScaleThreshold: 0
  positionLerpSpeed: 0.85
  rotationLerpSpeed: 0.85
  scaleLerpSpeed: 0.85
  timeCorrectionSpeed: 0.1
  snapTimeThreshold: 3
  syncPosition: 0
  syncRotation: 0
  syncScale: 7
  syncVelocity: 7
  syncAngularVelocity: 7
  isPositionCompressed: 0
  isRotationCompressed: 1
  isScaleCompressed: 0
  isVelocityCompressed: 0
  isAngularVelocityCompressed: 0
  automaticallyResetTime: 1
  whenToUpdateTransform: 0
  childObjectToSync: {fileID: 0}
  setVelocityInsteadOfPositionOnNonOwners: 0
  useLocalTransformOnly: 0
  maxPositionDifferenceForVelocitySyncing: 10
  receivedStatesCounter: 0
--- !u!114 &50412632082619752
MonoBehaviour:
  m_ObjectHideFlags: 0
  m_CorrespondingSourceObject: {fileID: 0}
  m_PrefabInstance: {fileID: 0}
  m_PrefabAsset: {fileID: 0}
  m_GameObject: {fileID: 1587250918974726}
  m_Enabled: 1
  m_EditorHideFlags: 0
  m_Script: {fileID: 11500000, guid: a0adfb56403e4724b94435d34fa8ca36, type: 3}
  m_Name: 
  m_EditorClassIdentifier: 
  _avoidJitter: 0
--- !u!1001 &5320795008810779680
PrefabInstance:
  m_ObjectHideFlags: 0
  serializedVersion: 2
  m_Modification:
    m_TransformParent: {fileID: 4615003313031166}
    m_Modifications:
    - target: {fileID: 1199389177536902, guid: 62bd9cb00576bac4fb66f9bcc0adf19d, type: 3}
      propertyPath: m_Name
      value: BulletExplosionBlue
      objectReference: {fileID: 0}
    - target: {fileID: 4152150105597796, guid: 62bd9cb00576bac4fb66f9bcc0adf19d, type: 3}
      propertyPath: m_LocalPosition.x
      value: 0
      objectReference: {fileID: 0}
    - target: {fileID: 4152150105597796, guid: 62bd9cb00576bac4fb66f9bcc0adf19d, type: 3}
      propertyPath: m_LocalPosition.y
      value: 0
      objectReference: {fileID: 0}
    - target: {fileID: 4152150105597796, guid: 62bd9cb00576bac4fb66f9bcc0adf19d, type: 3}
      propertyPath: m_LocalPosition.z
      value: 0
      objectReference: {fileID: 0}
    - target: {fileID: 4152150105597796, guid: 62bd9cb00576bac4fb66f9bcc0adf19d, type: 3}
      propertyPath: m_LocalRotation.x
      value: -0.7071068
      objectReference: {fileID: 0}
    - target: {fileID: 4152150105597796, guid: 62bd9cb00576bac4fb66f9bcc0adf19d, type: 3}
      propertyPath: m_LocalRotation.y
      value: 0
      objectReference: {fileID: 0}
    - target: {fileID: 4152150105597796, guid: 62bd9cb00576bac4fb66f9bcc0adf19d, type: 3}
      propertyPath: m_LocalRotation.z
      value: 0
      objectReference: {fileID: 0}
    - target: {fileID: 4152150105597796, guid: 62bd9cb00576bac4fb66f9bcc0adf19d, type: 3}
      propertyPath: m_LocalRotation.w
      value: 0.7071068
      objectReference: {fileID: 0}
    - target: {fileID: 4152150105597796, guid: 62bd9cb00576bac4fb66f9bcc0adf19d, type: 3}
      propertyPath: m_RootOrder
      value: 0
      objectReference: {fileID: 0}
    - target: {fileID: 4152150105597796, guid: 62bd9cb00576bac4fb66f9bcc0adf19d, type: 3}
      propertyPath: m_LocalEulerAnglesHint.x
      value: 0
      objectReference: {fileID: 0}
    - target: {fileID: 4152150105597796, guid: 62bd9cb00576bac4fb66f9bcc0adf19d, type: 3}
      propertyPath: m_LocalEulerAnglesHint.y
      value: 0
      objectReference: {fileID: 0}
    - target: {fileID: 4152150105597796, guid: 62bd9cb00576bac4fb66f9bcc0adf19d, type: 3}
      propertyPath: m_LocalEulerAnglesHint.z
      value: 0
      objectReference: {fileID: 0}
    m_RemovedComponents: []
  m_SourcePrefab: {fileID: 100100000, guid: 62bd9cb00576bac4fb66f9bcc0adf19d, type: 3}
--- !u!1 &5319595619936462246 stripped
GameObject:
  m_CorrespondingSourceObject: {fileID: 1199389177536902, guid: 62bd9cb00576bac4fb66f9bcc0adf19d,
    type: 3}
  m_PrefabInstance: {fileID: 5320795008810779680}
  m_PrefabAsset: {fileID: 0}
--- !u!4 &5321427944316314436 stripped
Transform:
  m_CorrespondingSourceObject: {fileID: 4152150105597796, guid: 62bd9cb00576bac4fb66f9bcc0adf19d,
    type: 3}
  m_PrefabInstance: {fileID: 5320795008810779680}
  m_PrefabAsset: {fileID: 0}
--- !u!1001 &6966470777906330913
PrefabInstance:
  m_ObjectHideFlags: 0
  serializedVersion: 2
  m_Modification:
    m_TransformParent: {fileID: 4615003313031166}
    m_Modifications:
    - target: {fileID: 1479255050551948, guid: cbd35caa90b8a7d4fb146235656410a6, type: 3}
      propertyPath: m_Name
      value: GrenadeYellow
      objectReference: {fileID: 0}
    - target: {fileID: 4091361758652186, guid: cbd35caa90b8a7d4fb146235656410a6, type: 3}
      propertyPath: m_LocalPosition.x
      value: 0
      objectReference: {fileID: 0}
    - target: {fileID: 4091361758652186, guid: cbd35caa90b8a7d4fb146235656410a6, type: 3}
      propertyPath: m_LocalPosition.y
      value: 0
      objectReference: {fileID: 0}
    - target: {fileID: 4091361758652186, guid: cbd35caa90b8a7d4fb146235656410a6, type: 3}
      propertyPath: m_LocalPosition.z
      value: 0
      objectReference: {fileID: 0}
    - target: {fileID: 4091361758652186, guid: cbd35caa90b8a7d4fb146235656410a6, type: 3}
      propertyPath: m_LocalRotation.x
      value: -0.7071068
      objectReference: {fileID: 0}
    - target: {fileID: 4091361758652186, guid: cbd35caa90b8a7d4fb146235656410a6, type: 3}
      propertyPath: m_LocalRotation.y
      value: 0
      objectReference: {fileID: 0}
    - target: {fileID: 4091361758652186, guid: cbd35caa90b8a7d4fb146235656410a6, type: 3}
      propertyPath: m_LocalRotation.z
      value: 0
      objectReference: {fileID: 0}
    - target: {fileID: 4091361758652186, guid: cbd35caa90b8a7d4fb146235656410a6, type: 3}
      propertyPath: m_LocalRotation.w
      value: 0.7071068
      objectReference: {fileID: 0}
    - target: {fileID: 4091361758652186, guid: cbd35caa90b8a7d4fb146235656410a6, type: 3}
      propertyPath: m_RootOrder
      value: 1
      objectReference: {fileID: 0}
    - target: {fileID: 4091361758652186, guid: cbd35caa90b8a7d4fb146235656410a6, type: 3}
      propertyPath: m_LocalEulerAnglesHint.x
      value: 0
      objectReference: {fileID: 0}
    - target: {fileID: 4091361758652186, guid: cbd35caa90b8a7d4fb146235656410a6, type: 3}
      propertyPath: m_LocalEulerAnglesHint.y
      value: 0
      objectReference: {fileID: 0}
    - target: {fileID: 4091361758652186, guid: cbd35caa90b8a7d4fb146235656410a6, type: 3}
      propertyPath: m_LocalEulerAnglesHint.z
      value: 0
      objectReference: {fileID: 0}
    - target: {fileID: 4608148188514504, guid: cbd35caa90b8a7d4fb146235656410a6, type: 3}
      propertyPath: m_LocalPosition.y
      value: 0
      objectReference: {fileID: 0}
    - target: {fileID: 4608148188514504, guid: cbd35caa90b8a7d4fb146235656410a6, type: 3}
      propertyPath: m_LocalPosition.z
      value: -0
      objectReference: {fileID: 0}
    m_RemovedComponents: []
  m_SourcePrefab: {fileID: 100100000, guid: cbd35caa90b8a7d4fb146235656410a6, type: 3}
--- !u!1 &6964993968864821165 stripped
GameObject:
  m_CorrespondingSourceObject: {fileID: 1479255050551948, guid: cbd35caa90b8a7d4fb146235656410a6,
    type: 3}
  m_PrefabInstance: {fileID: 6966470777906330913}
  m_PrefabAsset: {fileID: 0}
--- !u!4 &6963525246858779195 stripped
Transform:
  m_CorrespondingSourceObject: {fileID: 4091361758652186, guid: cbd35caa90b8a7d4fb146235656410a6,
    type: 3}
  m_PrefabInstance: {fileID: 6966470777906330913}
  m_PrefabAsset: {fileID: 0}
